% This file was created with JabRef 2.10b2.
% Encoding: UTF8


@Article{pt1990witten,
  Title                    = {Structured Fluids},
  Author                   = {witten,Thomas A.},
  Journal                  = {Phys. Today},
  Year                     = {1990},
  Pages                    = {21},
  Volume                   = {43}
}

@Article{5_berg2000motile,
  Title                    = {Motile behavior of bacteria},
  Author                   = {Berg, H. C.},
  Journal                  = {Physics Today},
  Year                     = {2000},
  Pages                    = {24--30},
  Volume                   = {53},

  Publisher                = {American Institute of Physics}
}

@Book{8_berne2000dynamic,
  Title                    = {Dynamic light scattering: with applications to chemistry, biology, and physics},
  Author                   = {Berne, B. J. and Pecora, R.},
  Publisher                = {Courier Corporation},
  Year                     = {2000}
}

@Article{ajp2006bergstein,
  Title                    = {Einstein and the existence of atoms},
  Author                   = {Bernstein, Jeremy},
  Journal                  = {American Journal of Physics},
  Year                     = {2006},
  Number                   = {10},
  Pages                    = {863-872},
  Volume                   = {74},

  Doi                      = {http://dx.doi.org/10.1119/1.2218357},
  Url                      = {http://scitation.aip.org/content/aapt/journal/ajp/74/10/10.1119/1.2218357}
}

@Article{Bricard2013,
  Title                    = {{Emergence of macroscopic directed motion in populations of motile colloids}},
  Author                   = {Bricard, A. and Caussin, J.-B. and Desreumaux, N. and Dauchot, O. and Bartolo, D.},
  Journal                  = {Nature},
  Year                     = {2013},
  Pages                    = {95--98},
  Volume                   = {503}
}

@Book{13_brown1828brief,
  Title                    = {A Brief Account of Microscopical Observations Made... on the Particles Contained in the Pollen of Plants, and on the General Existence of Active Molecules in Organic and Inorganic Bodies},
  Author                   = {Brown, R.},
  Year                     = {1828}
}

@Article{ajp2013catipovic,
  Title                    = {Improving the quantification of Brownian motion},
  Author                   = {Catipovic, Marco A. and Tyler, Paul M. and Trapani, Josef G. and Carter, Ashley R.},
  Journal                  = {American Journal of Physics},
  Year                     = {2013},
  Number                   = {7},
  Pages                    = {485-491},
  Volume                   = {81},

  Doi                      = {http://dx.doi.org/10.1119/1.4803529},
  Url                      = {http://scitation.aip.org/content/aapt/journal/ajp/81/7/10.1119/1.4803529}
}

@Article{2_DDM,
  Title                    = {Differential Dynamic Microscopy: Probing Wave Vector Dependent Dynamics with a Microscope},
  Author                   = {Cerbino, R. and Trappe, V.},
  Journal                  = {Phys. Rev. Lett.},
  Year                     = {2008},
  Month                    = {May},
  Pages                    = {188102},
  Volume                   = {100},

  Doi                      = {10.1103/PhysRevLett.100.188102},
  Publisher                = {American Physical Society}
}

@Article{Chen2010,
  Title                    = {{Rheology of Soft Materials}},
  Author                   = {Chen, D. T. N. and Wen, Q. and Janmey, P.l A. and Crocker, J. C. and Yodh, A. G.},
  Journal                  = {Annual Review of Condensed Matter Physics},
  Year                     = {2010},
  Pages                    = {301--322},
  Volume                   = {1},

  Doi                      = {10.1146/annurev-conmatphys-070909-104120}
}

@Article{ajp1969clark,
  Title                    = {A Study of Brownian Motion Using Light Scattering},
  Author                   = {Clark, N. A. and Lunacek, J. H. and Benedek, G. B.},
  Journal                  = {American Journal of Physics},
  Year                     = {1970},
  Number                   = {5},
  Pages                    = {575-585},
  Volume                   = {38},

  Doi                      = {http://dx.doi.org/10.1119/1.1976408},
  Url                      = {http://scitation.aip.org/content/aapt/journal/ajp/38/5/10.1119/1.1976408}
}

@Article{Crocker1996,
  Title                    = {Methods of Digital Video Microscopy for Colloidal Studies },
  Author                   = {John C. Crocker and David G. Grier},
  Journal                  = {Journal of Colloid and Interface Science },
  Year                     = {1996},
  Number                   = {1},
  Pages                    = {298 - 310},
  Volume                   = {179},

  Abstract                 = {We describe a set of image processing algorithms for extracting quantitative data from digitized video microscope images of colloidal suspensions. In a typical application, these direct imaging techniques can locate submicrometer spheres to within 10 nm in the focal plane and 150 nm in depth. Combining information from a sequence of video images into single-particle trajectories makes possible measurements of quantities of fundamental and practical interest such as diffusion coefficients and pair-wise interaction potentials. The measurements we describe in detail combine the outstanding resolution of digital imaging with video-synchronized optical trapping to obtain highly accurate and reproducible results very rapidly. },
  Doi                      = {http://dx.doi.org/10.1006/jcis.1996.0217},
  ISSN                     = {0021-9797},
  Keywords                 = {colloid},
  Url                      = {http://www.sciencedirect.com/science/article/pii/S0021979796902179}
}

@Book{18_sartor2003dynamic,
  Title                    = {Soft and Fragile Matter. Light scattering and rheology of complex fluids driven far from equilibrium},
  Author                   = {David, J. Pine},
  Publisher                = {Taylor and Francis},
  Year                     = {2000},

  Pages                    = {9--47}
}

@Article{25_delalez2001bacterial,
  Title                    = {Bacterial flagella: Flagellar motor},
  Author                   = {Delalez, N. J.},
  Journal                  = {eLS},
  Year                     = {2014},

  Publisher                = {Wiley Online Library}
}

@Article{ajp2014deutsh,
  Title                    = {Biophysics software for interdisciplinary education and research},
  Author                   = {Deutsch, J. M.},
  Journal                  = {American Journal of Physics},
  Year                     = {2014},
  Number                   = {5},
  Pages                    = {442-450},
  Volume                   = {82},

  Doi                      = {http://dx.doi.org/10.1119/1.4869198},
  Url                      = {http://scitation.aip.org/content/aapt/journal/ajp/82/5/10.1119/1.4869198}
}

@Article{23_dobell1933antony,
  Title                    = {Antony van Leeuwenhoek and his" little animals"},
  Author                   = { Dobell, C},
  Journal                  = {The American Journal of the Medical Sciences},
  Year                     = {1933},
  Pages                    = {287},
  Volume                   = {186},

  Publisher                = {LWW}
}

@Article{9_einstein1906theory,
  Title                    = {On the theory of the Brownian movement},
  Author                   = {Einstein, A.},
  Journal                  = {Annalen der physik},
  Year                     = {1906},
  Pages                    = {371--381},
  Volume                   = {4}
}

@Article{21_fabrega2013salmonella,
  Title                    = {Salmonella enterica serovar Typhimurium skills to succeed in the host: virulence and regulation},
  Author                   = {F{\`a}brega, A. and Vila, J.},
  Journal                  = {Clinical microbiology reviews},
  Year                     = {2013},
  Pages                    = {308--341},
  Volume                   = {26},

  Publisher                = {Am Soc Microbiol}
}

@Article{Fabry2001,
  Title                    = {Scaling the Microrheology of Living Cells},
  Author                   = {Fabry, B. and Maksym, G. N. and Butler, J. P. and Glogauer, M. and Navajas, D. and Fredberg, J. J.},
  Journal                  = {Phys. Rev. Lett.},
  Year                     = {2001},
  Pages                    = {148102},
  Volume                   = {87},

  Doi                      = {10.1103/PhysRevLett.87.148102},
  Numpages                 = {4},
  Publisher                = {American Physical Society}
}

@Article{Ferri2011,
  Title                    = {Kinetics of colloidal fractal aggregation by differential dynamic microscopy},
  Author                   = {Ferri, F. and D’Angelo, A. and Lee, M. and Lotti, A. and Pigazzini, M.C. and Singh, K. and Cerbino, R.},
  Journal                  = {The European Physical Journal Special Topics},
  Year                     = {2011},
  Pages                    = {139-148},
  Volume                   = {199},

  Doi                      = {10.1140/epjst/e2011-01509-9},
  ISSN                     = {1951-6355},
  Publisher                = {Springer-Verlag}
}

@Article{Gao2015,
  Title                    = {Microdynamics and arrest of coarsening during spinodal decomposition in thermoreversible colloidal gels},
  Author                   = {Gao, Y. and Kim, J. and Helgeson, M. E.},
  Journal                  = {Soft Matter},
  Year                     = {2015},
  Pages                    = {-},

  Doi                      = {10.1039/C5SM00851D},
  Publisher                = {The Royal Society of Chemistry}
}

@Other{code_github,
  Title                    = {{DDM algorithm -- available at GitHub}},
  Author                   = {Germain, D. and Leocmach, M. and Gibaud, T.},
  Doi                      = {10.5281/zenodo.209453},
  Url                      = {http://dx.doi.org/10.5281/zenodo.20945},
  Year                     = {2015}
}

@Article{3_DDM3D,
  Title                    = {Scattering information obtained by optical microscopy: Differential dynamic microscopy and beyond},
  Author                   = {Giavazzi, F. and Brogioli, D. and Trappe, V. and Bellini, T. and Cerbino, R.},
  Journal                  = {Phys. Rev. E},
  Year                     = {2009},
  Pages                    = {031403},
  Volume                   = {80},

  Doi                      = {10.1103/PhysRevE.80.031403},
  Publisher                = {American Physical Society}
}

@Book{24_gillen2007genesis,
  Title                    = {The Genesis of Germs: The Origin of Diseases and the Coming Plagues},
  Author                   = {Gillen, A. L.},
  Publisher                = {New Leaf Publishing Group},
  Year                     = {2007}
}

@Article{ajp1999goldburg,
  Title                    = {Dynamic light scattering},
  Author                   = {Goldburg, W. I.},
  Journal                  = {American Journal of Physics},
  Year                     = {1999},
  Number                   = {12},
  Pages                    = {1152-1160},
  Volume                   = {67},

  Doi                      = {http://dx.doi.org/10.1119/1.19101},
  Url                      = {http://scitation.aip.org/content/aapt/journal/ajp/67/12/10.1119/1.19101}
}

@Book{19_goodman2005introduction,
  Title                    = {Introduction to Fourier optics},
  Author                   = {Goodman, J. W.},
  Publisher                = {Roberts and Company Publishers},
  Year                     = {2005}
}

@Article{ajp2010hagen,
  Title                    = {Exponential growth of bacteria: Constant multiplication through division},
  Author                   = {Hagen, Stephen J.},
  Journal                  = {American Journal of Physics},
  Year                     = {2010},
  Number                   = {12},
  Pages                    = {1290-1296},
  Volume                   = {78},

  Doi                      = {http://dx.doi.org/10.1119/1.3483278},
  Url                      = {http://scitation.aip.org/content/aapt/journal/ajp/78/12/10.1119/1.3483278}
}

@Article{Hendricks2015,
  Title                    = {Different mechanisms for dynamical arrest in largely asymmetric binary mixtures},
  Author                   = {Hendricks, J. and Capellmann, R. and Schofield, A. B. and Egelhaaf, S. U. and Laurati, M.},
  Journal                  = {Phys. Rev. E},
  Year                     = {2015},
  Pages                    = {032308},
  Volume                   = {91},

  Doi                      = {10.1103/PhysRevE.91.032308},
  Publisher                = {American Physical Society}
}

@Article{ajp1976higgins,
  Title                    = {Fast Fourier transform: An introduction with some minicomputer experiments},
  Author                   = {Higgins, R. J.},
  Journal                  = {American Journal of Physics},
  Year                     = {1976},
  Number                   = {8},
  Pages                    = {766-773},
  Volume                   = {44},

  Doi                      = {http://dx.doi.org/10.1119/1.10128},
  Url                      = {http://scitation.aip.org/content/aapt/journal/ajp/44/8/10.1119/1.10128}
}

@Article{ajp2007jia,
  Title                    = {The time, size, viscosity, and temperature dependence of the Brownian motion of polystyrene microspheres},
  Author                   = {Jia, Dongdong and Hamilton, Jonathan and Zaman, Lenu M. and Goonewardene, Anura},
  Journal                  = {American Journal of Physics},
  Year                     = {2007},
  Number                   = {2},
  Pages                    = {111-115},
  Volume                   = {75},

  Doi                      = {http://dx.doi.org/10.1119/1.2386163},
  Url                      = {http://scitation.aip.org/content/aapt/journal/ajp/75/2/10.1119/1.2386163}
}

@Article{Joubert2011,
  Title                    = {{Light-field Microscopy with a Consumer Light-field Camera}},
  Author                   = {Joubert, J. and Sabharwal, Y. and Sharma, D.},
  Journal                  = {Microscopy and Analysis. Web Features},
  Year                     = {2011},

  Url                      = {http://www.photometrics.com/news/pdfs/Digital-Camera-Technologies-for-Scientific-Bio-Imaging-Part-3.pdf}
}

@Book{11_ken2003molecular,
  Title                    = {Molecular driving forces: statistical thermodynamics in chemistry and biology},
  Author                   = {Ken, A. D. and Bromberg, S.},
  Publisher                = {Garland Science},
  Year                     = {2003}
}

@Article{ajp2014jones,
  Title                    = {Measuring Boltzmann\&apos;s constant through holographic video microscopy of a single colloidal sphere},
  Author                   = {Krishnatreya, Bhaskar Jyoti and Colen-Landy, Arielle and Hasebe, Paige and Bell, Breanna A. and Jones, Jasmine R. and Sunda-Meya, Anderson and Grier, David G.},
  Journal                  = {American Journal of Physics},
  Year                     = {2014},
  Number                   = {1},
  Pages                    = {23-31},
  Volume                   = {82},

  Doi                      = {http://dx.doi.org/10.1119/1.4827275},
  Url                      = {http://scitation.aip.org/content/aapt/journal/ajp/82/1/10.1119/1.4827275}
}

@Article{Lau2003,
  Title                    = {Microrheology, Stress Fluctuations, and Active Behavior of Living Cells},
  Author                   = {Lau, A. W. C. and Hoffman, B. D. and Davies, A. and Crocker, J. C. and Lubensky, T. C.},
  Journal                  = {Phys. Rev. Lett.},
  Year                     = {2003},
  Pages                    = {198101},
  Volume                   = {91},

  Doi                      = {10.1103/PhysRevLett.91.198101},
  Numpages                 = {4},
  Publisher                = {American Physical Society}
}

@Article{ajp1997lemons,
  Title                    = {Paul Langevin’s 1908 paper “On the Theory of Brownian Motion” [“Sur la théorie du mouvement brownien,” C. R. Acad. Sci. (Paris) 146, 530–533 (1908)]},
  Author                   = {Lemons, Don S. and Gythiel, Anthony},
  Journal                  = {American Journal of Physics},
  Year                     = {1997},
  Number                   = {11},
  Pages                    = {1079-1081},
  Volume                   = {65},

  Doi                      = {http://dx.doi.org/10.1119/1.18725},
  Url                      = {http://scitation.aip.org/content/aapt/journal/ajp/65/11/10.1119/1.18725}
}

@Article{ajp2011bernardo,
  Title                    = {Simplified model for the dynamics of a helical flagellum},
  Author                   = {de Lima Bernardo, B. and Moraes, Fernando},
  Journal                  = {American Journal of Physics},
  Year                     = {2011},
  Number                   = {7},
  Pages                    = {736-740},
  Volume                   = {79},

  Doi                      = {http://dx.doi.org/10.1119/1.3573977},
  Url                      = {http://scitation.aip.org/content/aapt/journal/ajp/79/7/10.1119/1.3573977}
}

@Article{Lu2012,
  Title                    = {Characterizing Concentrated, Multiply Scattering, and Actively Driven Fluorescent Systems with Confocal Differential Dynamic Microscopy},
  Author                   = {Lu, P. J. and Giavazzi, F. and Angelini, T. E. and Zaccarelli, E. and Jargstorff, F. and Schofield, A. B. and Wilking, J. N. and Romanowsky, M. B. and Weitz, D. A. and Cerbino, R.},
  Journal                  = {Phys. Rev. Lett.},
  Year                     = {2012},
  Pages                    = {218103},
  Volume                   = {108},

  Doi                      = {10.1103/PhysRevLett.108.218103},
  Publisher                = {American Physical Society}
}

@Article{6_martens2012probability,
  Title                    = {Probability distributions for the run-and-tumble bacterial dynamics: An analogy to the Lorentz model},
  Author                   = {Martens, K. and Angelani, L. and Di Leonardo, R. and Bocquet, L.},
  Journal                  = {The European Physical Journal E},
  Year                     = {2012},
  Pages                    = {1--6},
  Volume                   = {35},

  Publisher                = {Springer}
}

@Article{4_Martinez20121637,
  Title                    = {Differential Dynamic Microscopy: A High-Throughput Method for Characterizing the Motility of Microorganisms },
  Author                   = {V. A. Martinez and R. Besseling and O. A. Croze and J. Tailleur and M. Reufer and J. Schwarz-Linek and L. G. Wilson and M. A. Bees and W. C.K. Poon},
  Journal                  = {Biophysical Journal },
  Year                     = {2012},
  Pages                    = {1637 - 1647},
  Volume                   = {103},

  Doi                      = {http://dx.doi.org/10.1016/j.bpj.2012.08.045}
}

@Article{Mason1997,
  Title                    = {Particle Tracking Microrheology of Complex Fluids},
  Author                   = {Mason, T. G. and Ganesan, K. and van Zanten, J. H. and Wirtz, D. and Kuo, S. C.},
  Journal                  = {Phys. Rev. Lett.},
  Year                     = {1997},
  Pages                    = {3282--3285},
  Volume                   = {79},

  Doi                      = {10.1103/PhysRevLett.79.3282},
  Publisher                = {American Physical Society}
}

@Article{Maurer2014,
  Title                    = {{Étude exp\'erimentale du mouvement brownien d’une particule collo\"idale}},
  Author                   = {P. Maurer and J. Ferrand and M. Leocmach and T. Gibaud},
  Journal                  = {Bulletin de l'Union des Physiciens},
  Year                     = {2014},
  Pages                    = {1567},
  Volume                   = {969}
}

@Article{Mignard2015,
  Title                    = {{Light-field Microscopy with a Consumer Light-field Camera}},
  Author                   = { Mignard-Debise, L. and Ihrke, I},
  Year                     = {2015},

  Archiveprefix            = {arXiv},
  Citeulike-article-id     = {1508.03590},
  Eprint                   = {1508.03590},
  Url                      = {http://arxiv.org/abs/1508.03590}
}

@Article{26_mitchell2006bacterial,
  Title                    = {Bacterial motility: links to the environment and a driving force for microbial physics},
  Author                   = {Mitchell, J. G. and Kogure, K.},
  Journal                  = {FEMS microbiology ecology},
  Year                     = {2006},
  Pages                    = {3--16},
  Volume                   = {55},

  Publisher                = {The Oxford University Press}
}

@Article{ajp2003nakroshis,
  Title                    = {Measuring Boltzmann’s constant using video microscopy of Brownian motion},
  Author                   = {Nakroshis, Paul and Amoroso, Matthew and Legere, Jason and Smith, Christian},
  Journal                  = {American Journal of Physics},
  Year                     = {2003},
  Number                   = {6},
  Pages                    = {568-573},
  Volume                   = {71},

  Doi                      = {http://dx.doi.org/10.1119/1.1542619},
  Url                      = {http://scitation.aip.org/content/aapt/journal/ajp/71/6/10.1119/1.1542619}
}

@Book{Nelson2004,
  Title                    = {{Biological Physics: Energy, Information, Life: With new art by David Goodsell}},
  Author                   = {Nelson, P.},
  Publisher                = {WH Freeman and Co},
  Year                     = {2004}
}

@Article{ajp2006newburgh,
  Title                    = {Einstein, Perrin, and the reality of atoms: 1905 revisited},
  Author                   = {Newburgh, Ronald and Peidle, Joseph and Rueckner, Wolfgang},
  Journal                  = {American Journal of Physics},
  Year                     = {2006},
  Number                   = {6},
  Pages                    = {478-481},
  Volume                   = {74},

  Doi                      = {http://dx.doi.org/10.1119/1.2188962},
  Url                      = {http://scitation.aip.org/content/aapt/journal/ajp/74/6/10.1119/1.2188962}
}

@Article{ajp1995passmore,
  Title                    = {Autocorrelation of electrical noise: An undergraduate experiment},
  Author                   = {Passmore, J. Loren and Collings, Brandon C. and Collings, Peter J.},
  Journal                  = {American Journal of Physics},
  Year                     = {1995},
  Number                   = {7},
  Pages                    = {592-595},
  Volume                   = {63},

  Doi                      = {http://dx.doi.org/10.1119/1.17892},
  Url                      = {http://scitation.aip.org/content/aapt/journal/ajp/63/7/10.1119/1.17892}
}

@Book{12_patankar1980numerical,
  Title                    = {Numerical heat transfer and fluid flow},
  Author                   = {Patankar, S.},
  Publisher                = {CRC Press},
  Year                     = {1980}
}

@Article{Pearle2010,
  Title                    = {What Brown saw and you can too},
  Author                   = {Pearle, Philip and Collett, Brian and Bart, Kenneth and Bilderback, David and Newman, Dara and Samuels, Scott},
  Journal                  = {American Journal of Physics},
  Year                     = {2010},
  Number                   = {12},
  Pages                    = {1278-1289},
  Volume                   = {78},

  Doi                      = {http://dx.doi.org/10.1119/1.3475685},
  Owner                    = {mathieu},
  Timestamp                = {2015.09.04},
  Url                      = {http://scitation.aip.org/content/aapt/journal/ajp/78/12/10.1119/1.3475685}
}

@Book{22_perrin2014atomes,
  Title                    = {Les atomes},
  Author                   = {Perrin, J.},
  Publisher                = {CNRS},
  Year                     = {2014}
}

@Book{16_CollSusp,
  Title                    = {Colloidal Suspensions},
  Author                   = {W. C. K. Poon},
  Publisher                = {Oxford University Press},
  Year                     = {2012}
}

@Article{pt1964reiner,
  Title                    = {The Deborah Number},
  Author                   = {Reiner, M.},
  Journal                  = {Phys. Today},
  Year                     = {1964},
  Pages                    = {62},
  Volume                   = {17}
}

@Article{20_reufer2012differential,
  Title                    = {Differential dynamic microscopy for anisotropic colloidal dynamics},
  Author                   = {Reufer, M. and Martinez, V. A. and Schurtenberger, P. and Poon, W. C. K.},
  Journal                  = {Langmuir},
  Year                     = {2012},
  Pages                    = {4618--4624},
  Volume                   = {28},

  Publisher                = {ACS Publications}
}

@Article{ajp2009saka,
  Title                    = {Relaxation of Brownian particles in a gravitational field},
  Author                   = {Saka, Halil and Bengtson, Roger D. and Reichl, Linda E.},
  Journal                  = {American Journal of Physics},
  Year                     = {2009},
  Number                   = {3},
  Pages                    = {240-243},
  Volume                   = {77},

  Doi                      = {http://dx.doi.org/10.1119/1.3039029},
  Url                      = {http://scitation.aip.org/content/aapt/journal/ajp/77/3/10.1119/1.3039029}
}

@Article{Schwarz2015,
  Title                    = {{Escherichia coli as a model active colloid: a practical introduction}},
  Author                   = {Schwarz-Linek, J. and Arlt, J. and Jepson, A. and Dawson, A. and Vissers, T. and Miroli, D. and Pilizota, T. and Martinez, V. A. and Poon, W. C. K.},
  Year                     = {2015},

  Archiveprefix            = {arXiv},
  Citeulike-article-id     = {13646871},
  Citeulike-linkout-0      = {http://arxiv.org/abs/1506.04562},
  Citeulike-linkout-1      = {http://arxiv.org/pdf/1506.04562},
  Eprint                   = {1506.04562},
  Url                      = {http://arxiv.org/abs/1506.04562}
}

@Article{ajp2005spencer,
  Title                    = {Teaching computational physics as a laboratory sequence},
  Author                   = {Spencer, Ross L.},
  Journal                  = {American Journal of Physics},
  Year                     = {2005},
  Number                   = {2},
  Pages                    = {151-153},
  Volume                   = {73},

  Doi                      = {http://dx.doi.org/10.1119/1.1842751},
  Url                      = {http://scitation.aip.org/content/aapt/journal/ajp/73/2/10.1119/1.1842751}
}

@Article{14_sutherland1905lxxv,
  Title                    = {LXXV. A dynamical theory of diffusion for non-electrolytes and the molecular mass of albumin},
  Author                   = {Sutherland, W.},
  Journal                  = {The London, Edinburgh, and Dublin Philosophical Magazine and Journal of Science},
  Year                     = {1905},
  Pages                    = {781--785},
  Volume                   = {9},

  Publisher                = {Taylor \& Francis}
}

@Article{10_von1906kinetischen,
  Title                    = {Zur kinetischen theorie der brownschen molekularbewegung und der suspensionen},
  Author                   = {Von Smoluchowski, M.},
  Journal                  = {Annalen der physik},
  Year                     = {1906},
  Pages                    = {756--780},
  Volume                   = {326},

  Publisher                = {Wiley Online Library}
}

@Article{ajp2001whiford,
  Title                    = {Teaching time-series analysis. I. Finite Fourier analysis of ocean waves},
  Author                   = {Whitford, Dennis J. and Vieira, Mario E. C. and Waters, Jennifer K.},
  Journal                  = {American Journal of Physics},
  Year                     = {2001},
  Number                   = {4},
  Pages                    = {490-496},
  Volume                   = {69},

  Doi                      = {http://dx.doi.org/10.1119/1.1331300},
  Url                      = {http://scitation.aip.org/content/aapt/journal/ajp/69/4/10.1119/1.1331300}
}

@Article{1_BactMobil,
  Title                    = {Differential Dynamic Microscopy of Bacterial Motility},
  Author                   = {Wilson, L. G. and Martinez, V. A. and Schwarz-Linek, J. and Tailleur, J. and Bryant, G. and Pusey, P. N. and Poon, W. C. K.},
  Journal                  = {Phys. Rev. Lett.},
  Year                     = {2011},
  Pages                    = {018101},
  Volume                   = {106},

  Doi                      = {10.1103/PhysRevLett.106.018101},
  Publisher                = {American Physical Society}
}

@Book{17_marcus1998properties,
  Title                    = {The properties of solvents},
  Author                   = {Yizhak, M.},
  Publisher                = {Wiley Chichester},
  Year                     = {1998}
}

