% This file was created with JabRef 2.10b2.
% Encoding: UTF8


@Article{5_berg2000motile,
  Title                    = {Motile behavior of bacteria},
  Author                   = {Berg, Howard C},
  Journal                  = {Physics Today},
  Year                     = {2000},
  Number                   = {1},
  Pages                    = {24--30},
  Volume                   = {53},

  Publisher                = {American Institute of Physics}
}

@Book{8_berne2000dynamic,
  Title                    = {Dynamic light scattering: with applications to chemistry, biology, and physics},
  Author                   = {Berne, Bruce J and Pecora, Robert},
  Publisher                = {Courier Corporation},
  Year                     = {2000}
}

@Book{13_brown1828brief,
  Title                    = {A Brief Account of Microscopical Observations Made... on the Particles Contained in the Pollen of Plants, and on the General Existence of Active Molecules in Organic and Inorganic Bodies},
  Author                   = {Brown, Robert},
  Year                     = {1828}
}

@Article{2_DDM,
  Title                    = {Differential Dynamic Microscopy: Probing Wave Vector Dependent Dynamics with a Microscope},
  Author                   = {Cerbino, Roberto and Trappe, Veronique},
  Journal                  = {Phys. Rev. Lett.},
  Year                     = {2008},

  Month                    = {May},
  Pages                    = {188102},
  Volume                   = {100},

  Doi                      = {10.1103/PhysRevLett.100.188102},
  Issue                    = {18},
  Numpages                 = {4},
  Publisher                = {American Physical Society},
  Url                      = {http://link.aps.org/doi/10.1103/PhysRevLett.100.188102}
}

@Article{25_delalez2001bacterial,
  Title                    = {Bacterial flagella: Flagellar motor},
  Author                   = {Delalez, Nicolas J},
  Journal                  = {eLS},

  Publisher                = {Wiley Online Library}
}

@Book{11_ken2003molecular,
  Title                    = {Molecular driving forces: statistical thermodynamics in chemistry and biology},
  Author                   = {Ken A.. Dill and Bromberg, Sarina},
  Publisher                = {Garland Science},
  Year                     = {2003}
}

@Article{23_dobell1933antony,
  Title                    = {ANTONY VAN LEEUWENHOEK AND HIS" LITTLE ANIMALS.".},
  Author                   = {DOBELL, CLIFFORD},
  Journal                  = {The American Journal of the Medical Sciences},
  Year                     = {1933},
  Number                   = {2},
  Pages                    = {287},
  Volume                   = {186},

  Publisher                = {LWW}
}

@Article{9_einstein1906theory,
  Title                    = {On the theory of the Brownian movement},
  Author                   = {Einstein, Albert},
  Journal                  = {Annalen der physik},
  Year                     = {1906},
  Number                   = {19},
  Pages                    = {371--381},
  Volume                   = {4}
}

@Article{21_fabrega2013salmonella,
  Title                    = {Salmonella enterica serovar Typhimurium skills to succeed in the host: virulence and regulation},
  Author                   = {F{\`a}brega, Anna and Vila, Jordi},
  Journal                  = {Clinical microbiology reviews},
  Year                     = {2013},
  Number                   = {2},
  Pages                    = {308--341},
  Volume                   = {26},

  Publisher                = {Am Soc Microbiol}
}

@Article{3_DDM3D,
  Title                    = {Scattering information obtained by optical microscopy: Differential dynamic microscopy and beyond},
  Author                   = {Giavazzi, Fabio and Brogioli, Doriano and Trappe, Veronique and Bellini, Tommaso and Cerbino, Roberto},
  Journal                  = {Phys. Rev. E},
  Year                     = {2009},

  Month                    = {Sep},
  Pages                    = {031403},
  Volume                   = {80},

  Doi                      = {10.1103/PhysRevE.80.031403},
  Issue                    = {3},
  Numpages                 = {15},
  Publisher                = {American Physical Society},
  Url                      = {http://link.aps.org/doi/10.1103/PhysRevE.80.031403}
}

@Book{24_gillen2007genesis,
  Title                    = {The Genesis of Germs: The Origin of Diseases and the Coming Plagues},
  Author                   = {Gillen, Alan L},
  Publisher                = {New Leaf Publishing Group},
  Year                     = {2007}
}

@Book{19_goodman2005introduction,
  Title                    = {Introduction to Fourier optics},
  Author                   = {Goodman, Joseph W},
  Publisher                = {Roberts and Company Publishers},
  Year                     = {2005}
}

@Article{PhysRevE.91.032308,
  Title                    = {Different mechanisms for dynamical arrest in largely asymmetric binary mixtures},
  Author                   = {Hendricks, J. and Capellmann, R. and Schofield, A. B. and Egelhaaf, S. U. and Laurati, M.},
  Journal                  = {Phys. Rev. E},
  Year                     = {2015},

  Month                    = {Mar},
  Pages                    = {032308},
  Volume                   = {91},

  Doi                      = {10.1103/PhysRevE.91.032308},
  Issue                    = {3},
  Numpages                 = {11},
  Owner                    = {mathieu},
  Publisher                = {American Physical Society},
  Timestamp                = {2015.06.30},
  Url                      = {http://link.aps.org/doi/10.1103/PhysRevE.91.032308}
}

@Article{7_jaqaman2008robust,
  Title                    = {Robust single-particle tracking in live-cell time-lapse sequences},
  Author                   = {Jaqaman, Khuloud and Loerke, Dinah and Mettlen, Marcel and Kuwata, Hirotaka and Grinstein, Sergio and Schmid, Sandra L and Danuser, Gaudenz},
  Journal                  = {Nature methods},
  Year                     = {2008},
  Number                   = {8},
  Pages                    = {695--702},
  Volume                   = {5},

  Publisher                = {Nature Publishing Group}
}

@Article{15_Langevin,
  Title                    = {Paul Langevin’s 1908 paper “On the Theory of Brownian Motion” [“Sur la théorie du mouvement brownien,” C. R. Acad. Sci. (Paris) 146, 530–533 (1908)]},
  Author                   = {Lemons, Don S. and Gythiel, Anthony},
  Journal                  = {American Journal of Physics},
  Year                     = {1997},
  Number                   = {11},
  Pages                    = {1079-1081},
  Volume                   = {65},

  Doi                      = {http://dx.doi.org/10.1119/1.18725},
  Url                      = {http://scitation.aip.org/content/aapt/journal/ajp/65/11/10.1119/1.18725}
}

@Book{17_marcus1998properties,
  Title                    = {The properties of solvents},
  Author                   = {Marcus, Yizhak},
  Publisher                = {Wiley Chichester},
  Year                     = {1998}
}

@Article{6_martens2012probability,
  Title                    = {Probability distributions for the run-and-tumble bacterial dynamics: An analogy to the Lorentz model},
  Author                   = {Martens, K and Angelani, L and Di Leonardo, R and Bocquet, L},
  Journal                  = {The European Physical Journal E},
  Year                     = {2012},
  Number                   = {9},
  Pages                    = {1--6},
  Volume                   = {35},

  Publisher                = {Springer}
}

@Article{4_Martinez20121637,
  Title                    = {Differential Dynamic Microscopy: A High-Throughput Method for Characterizing the Motility of Microorganisms },
  Author                   = {Vincent A. Martinez and Rut Besseling and Ottavio A. Croze and Julien Tailleur and Mathias Reufer and Jana Schwarz-Linek and Laurence G. Wilson and Martin A. Bees and Wilson C.K. Poon},
  Journal                  = {Biophysical Journal },
  Year                     = {2012},
  Number                   = {8},
  Pages                    = {1637 - 1647},
  Volume                   = {103},

  Doi                      = {http://dx.doi.org/10.1016/j.bpj.2012.08.045},
  ISSN                     = {0006-3495},
  Url                      = {http://www.sciencedirect.com/science/article/pii/S0006349512009721}
}

@Article{26_mitchell2006bacterial,
  Title                    = {Bacterial motility: links to the environment and a driving force for microbial physics},
  Author                   = {Mitchell, James G and Kogure, Kazuhiro},
  Journal                  = {FEMS microbiology ecology},
  Year                     = {2006},
  Number                   = {1},
  Pages                    = {3--16},
  Volume                   = {55},

  Publisher                = {The Oxford University Press}
}

@Book{12_patankar1980numerical,
  Title                    = {Numerical heat transfer and fluid flow},
  Author                   = {Patankar, Suhas},
  Publisher                = {CRC Press},
  Year                     = {1980}
}

@Book{22_perrin2014atomes,
  Title                    = {Les atomes},
  Author                   = {Perrin, Jean},
  Publisher                = {CNRS},
  Year                     = {2014}
}

@Book{16_CollSusp,
  Title                    = {Colloidal Suspensions},
  Author                   = {W. C. K. Poon},
  Publisher                = {Oxford University Press},
  Year                     = {2012}
}

@Article{20_reufer2012differential,
  Title                    = {Differential dynamic microscopy for anisotropic colloidal dynamics},
  Author                   = {Reufer, Mathias and Martinez, Vincent A and Schurtenberger, Peter and Poon, Wilson CK},
  Journal                  = {Langmuir},
  Year                     = {2012},
  Number                   = {10},
  Pages                    = {4618--4624},
  Volume                   = {28},

  Publisher                = {ACS Publications}
}

@Article{18_sartor2003dynamic,
  Title                    = {Dynamic light scattering},
  Author                   = {Sartor, Marta},
  Journal                  = {University of California, San Diego},
  Year                     = {2003},
  Pages                    = {2--21}
}

@Article{14_sutherland1905lxxv,
  Title                    = {LXXV. A dynamical theory of diffusion for non-electrolytes and the molecular mass of albumin},
  Author                   = {Sutherland, William},
  Journal                  = {The London, Edinburgh, and Dublin Philosophical Magazine and Journal of Science},
  Year                     = {1905},
  Number                   = {54},
  Pages                    = {781--785},
  Volume                   = {9},

  Publisher                = {Taylor \& Francis}
}

@Article{10_von1906kinetischen,
  Title                    = {Zur kinetischen theorie der brownschen molekularbewegung und der suspensionen},
  Author                   = {Von Smoluchowski, Marian},
  Journal                  = {Annalen der physik},
  Year                     = {1906},
  Number                   = {14},
  Pages                    = {756--780},
  Volume                   = {326},

  Publisher                = {Wiley Online Library}
}

@Article{1_BactMobil,
  Title                    = {Differential Dynamic Microscopy of Bacterial Motility},
  Author                   = {Wilson, L. G. and Martinez, V. A. and Schwarz-Linek, J. and Tailleur, J. and Bryant, G. and Pusey, P. N. and Poon, W. C. K.},
  Journal                  = {Phys. Rev. Lett.},
  Year                     = {2011},

  Month                    = {Jan},
  Pages                    = {018101},
  Volume                   = {106},

  Doi                      = {10.1103/PhysRevLett.106.018101},
  Issue                    = {1},
  Numpages                 = {4},
  Publisher                = {American Physical Society},
  Url                      = {http://link.aps.org/doi/10.1103/PhysRevLett.106.018101}
}

